
@Article{HaplotypR,
author = {Lerch, Anita and Koepfli, Cristian and Hofmann, Natalie E. and Messerli, Camilla and Wilcox, Stephen and Kattenberg, Johanna H. and Betuela, Inoni and O'Connor, Liam and Mueller, Ivo and Felger, Ingrid},
doi = {10.1186/s12864-017-4260-y},
journal = {BMC Genomics},
number = {1},
pages = {864},
title = {{Development of amplicon deep sequencing markers and data analysis pipeline for genotyping multi-clonal malaria infections}},
volume = {18},
year = {2017}
}

